34100000         212345678000199                    01234 0000000123456 EMPRESA TESTE LTDA            SICREDI PA          108072026135608000001089000000240                                                                                     
34100011C9800040 212345678000199                    01234 0000000123456 EMPRESA TESTE LTDA            PAGAMENTO DIARISTAS                                                                       00000                                           
3410001300001A00001834109999 0000000999999 JOAO DIARISTA                                     08072026BRL00000000000000000000000000000000000001500500000000000000000000000000000                    000004520001111111111101                     
00000015         00000300000100000000000000000000000000000150050000000                                                                                                                                                                          
00099999         000001000005000001                                                                                                                                                                                                             
